<record><leader>00000cas a2200000 a 4500</leader><controlfield tag="001">1408734</controlfield><controlfield tag="008">750624d192419uufluwr ne      0    0eng c</controlfield><datafield ind1=" " ind2=" " tag="010"><subfield code="a">sn 96027636 </subfield></datafield><datafield ind1=" " ind2=" " tag="040"><subfield code="a">FUL</subfield><subfield code="b">eng</subfield><subfield code="c">FUL</subfield><subfield code="d">FUG</subfield><subfield code="d">OCLCQ</subfield><subfield code="d">OCLCF</subfield><subfield code="d">OCLCO</subfield></datafield><datafield ind1=" " ind2=" " tag="012"><subfield code="i">9608</subfield></datafield><datafield ind1="1" ind2=" " tag="029"><subfield code="a">AU@</subfield><subfield code="b">000025921168</subfield></datafield><datafield ind1=" " ind2=" " tag="042"><subfield code="a">pcc</subfield></datafield><datafield ind1=" " ind2=" " tag="043"><subfield code="a">n-us-fl</subfield></datafield><datafield ind1="0" ind2=" " tag="130"><subfield code="a">Florida sun (Orlando, Fla.)</subfield></datafield><datafield ind1="1" ind2="4" tag="245"><subfield code="a">The Florida sun.</subfield></datafield><datafield ind1=" " ind2=" " tag="260"><subfield code="a">Orlando, Orange County, Fla. :</subfield><subfield code="b">A.T. Moreaux</subfield></datafield><datafield ind1=" " ind2=" " tag="300"><subfield code="a">v. :</subfield><subfield code="b">ill. ;</subfield><subfield code="c">35 cm.</subfield></datafield><datafield ind1=" " ind2=" " tag="310"><subfield code="a">Weekly (published on Friday)</subfield></datafield><datafield ind1="1" ind2=" " tag="362"><subfield code="a">Began in 1924.</subfield></datafield><datafield ind1=" " ind2=" " tag="500"><subfield code="a">"The state-wide weekly."</subfield></datafield><datafield ind1=" " ind2=" " tag="500"><subfield code="a">A.T. Moreaux, editor and publisher.</subfield></datafield><datafield ind1=" " ind2=" " tag="500"><subfield code="a">Issue for Apr. 3, 1925 also called: DeLand Number.</subfield></datafield><datafield ind1=" " ind2=" " tag="550"><subfield code="a">Official publication of the Greater Florida Association.</subfield></datafield><datafield ind1=" " ind2=" " tag="588"><subfield code="a">Description based on: Vol. 2, no. 15 (Apr. 3, 1925).</subfield></datafield><datafield ind1=" " ind2="0" tag="651"><subfield code="a">Orlando (Fla.)</subfield><subfield code="v">Newspapers.</subfield></datafield><datafield ind1=" " ind2="0" tag="651"><subfield code="a">Orange County (Fla.)</subfield><subfield code="v">Newspapers.</subfield></datafield><datafield ind1=" " ind2="0" tag="651"><subfield code="a">De Land (Fla.)</subfield><subfield code="v">Newspapers.</subfield></datafield><datafield ind1=" " ind2="0" tag="651"><subfield code="a">Volusia County (Fla.)</subfield><subfield code="v">Newspapers.</subfield></datafield><datafield ind1=" " ind2="7" tag="655"><subfield code="a">Newspapers.</subfield><subfield code="2">fast</subfield><subfield code="0">(OCoLC)fst01423814</subfield></datafield><datafield ind1=" " ind2="7" tag="651"><subfield code="a">Florida</subfield><subfield code="z">De Land.</subfield><subfield code="2">fast</subfield><subfield code="0">(OCoLC)fst01202816</subfield></datafield><datafield ind1=" " ind2="7" tag="651"><subfield code="a">Florida</subfield><subfield code="z">Orange County.</subfield><subfield code="2">fast</subfield><subfield code="0">(OCoLC)fst01211878</subfield></datafield><datafield ind1=" " ind2="7" tag="651"><subfield code="a">Florida</subfield><subfield code="z">Orlando.</subfield><subfield code="2">fast</subfield><subfield code="0">(OCoLC)fst01204036</subfield></datafield><datafield ind1=" " ind2="7" tag="651"><subfield code="a">Florida</subfield><subfield code="z">Volusia County.</subfield><subfield code="2">fast</subfield><subfield code="0">(OCoLC)fst01204998</subfield></datafield><datafield ind1=" " ind2=" " tag="752"><subfield code="a">United States</subfield><subfield code="b">Florida</subfield><subfield code="c">Orange</subfield><subfield code="d">Orlando.</subfield></datafield><datafield ind1=" " ind2=" " tag="752"><subfield code="a">United States</subfield><subfield code="b">Florida</subfield><subfield code="c">Volusia</subfield><subfield code="d">De Land.</subfield></datafield><datafield ind1=" " ind2=" " tag="850"><subfield code="a">FU</subfield></datafield></record>